<collection xmlns="http://www.loc.gov/MARC21/slim">
<record>
  <leader>00887nam0a2200217 i 450 </leader>
  <controlfield tag="001">IT\ICCU\CNCE\011077</controlfield>
  <controlfield tag="005">19970101000000.0</controlfield>
  <datafield tag="012" ind1=" " ind2=" ">
    <subfield code="a">o,a- uena dian lari (3) 1579 (R)</subfield>
    <subfield code="2">fei</subfield>
  </datafield>
  <datafield tag="100" ind1=" " ind2=" ">
    <subfield code="a">19970101d1579        0itac0103    ba</subfield>
  </datafield>
  <datafield tag="101" ind1=" " ind2=" ">
    <subfield code="a">ITA</subfield>
    <subfield code="a">LAT</subfield>
  </datafield>
  <datafield tag="102" ind1=" " ind2=" ">
    <subfield code="a">IT</subfield>
  </datafield>
  <datafield tag="200" ind1="1" ind2=" ">
    <subfield code="a">Opera deuotissima del f. Cherubino da Spoleti della vita spirituale</subfield>
  </datafield>
  <datafield tag="210" ind1=" " ind2=" ">
    <subfield code="a">In Venetia</subfield>
    <subfield code="c">in Frezzeria al segno della Regina</subfield>
    <subfield code="d">1579</subfield>
  </datafield>
  <datafield tag="215" ind1=" " ind2=" ">
    <subfield code="a">40 c.</subfield>
    <subfield code="d">8ʻ</subfield>
  </datafield>
  <datafield tag="620" ind1=" " ind2=" ">
    <subfield code="a">IT</subfield>
    <subfield code="d">Venezia</subfield>
  </datafield>
  <datafield tag="700" ind1=" " ind2="0">
    <subfield code="a">Cherubino</subfield>
    <subfield code="c"> : da#Spoleto</subfield>
    <subfield code="c"> &lt;francescano&gt;</subfield>
    <subfield code="3">IT\ICCU\CNCA\002989</subfield>
  </datafield>
  <datafield tag="712" ind1="0" ind2="2">
    <subfield code="a">℗al segno della ℗Regina</subfield>
    <subfield code="3">IT\ICCU\CNCT\000380</subfield>
    <subfield code="4">650</subfield>
  </datafield>
  <datafield tag="790" ind1=" " ind2="0">
    <subfield code="a">Cherubino</subfield>
    <subfield code="c"> : da#Siena</subfield>
    <subfield code="3">IT\ICCU\CNCA\007957</subfield>
    <subfield code="z">Cherubino : da#Spoleto &lt;francescano&gt;</subfield>
  </datafield>
  <datafield tag="791" ind1="0" ind2="2">
    <subfield code="a">℗ad signum ℗Reginae</subfield>
    <subfield code="3">IT\ICCU\CNCT\005352</subfield>
    <subfield code="z">℗al segno della ℗Regina</subfield>
  </datafield>
  <datafield tag="801" ind1=" " ind2="3">
    <subfield code="a">IT</subfield>
    <subfield code="b">ICCU</subfield>
    <subfield code="c">20201113</subfield>
  </datafield>
  <datafield tag="899" ind1=" " ind2=" ">
    <subfield code="a">Biblioteca del Museo Camillo Leone. Vercelli</subfield>
    <subfield code="1">VC0120</subfield>
    <subfield code="2">ZVC 07</subfield>
  </datafield>
</record>
</collection>
